@misc{CEAregistry,
    title = {{The Cost-Effectiveness Analysis Registry [Internet]}},
    author = {Health, Center for the Evaluation of Value and in, Risk},
    month = {4},
    publisher = {Institute for Clinical Research and Health Policy Studies, Tufts Medical Center,}
}

@article{chartersTA,
    title = {{The use of think-aloud methods in qualitative research an introduction to think-aloud methods}},
    year = {2003},
    journal = {Brock Education Journal},
    author = {Charters, Elizabeth},
    number = {2},
    volume = {12},
    issn = {2371-7750}
}

@article{Robinson2024,
    title = {{Valuing selected WAItE health states using the Time Trade-Off methodology: findings from an online interviewer-assisted remote survey}},
    year = {2024},
    journal = {Journal of Patient-Reported Outcomes},
    author = {Robinson, Tomos and Hill, Sarah and Orozco-Leal, Giovany and Kernohan, Ashleigh and King, William and Oluboyede, Yemi},
    number = {1},
    volume = {8},
    doi = {10.1186/s41687-023-00674-9},
    issn = {25098020}
}

@incollection{Anderson2017,
    title = {{ Permutational Multivariate Analysis of Variance ( PERMANOVA ) }},
    year = {2017},
    booktitle = {Wiley StatsRef: Statistics Reference Online},
    author = {Anderson, Marti J.},
    doi = {10.1002/9781118445112.stat07841}
}

@article{Xie2015ACREATE,
    title = {{A Checklist for Reporting Valuation Studies of Multi-Attribute Utility-Based Instruments (CREATE)}},
    year = {2015},
    journal = {PharmacoEconomics},
    author = {Xie, Feng and Pickard, A Simon and Krabbe, Paul F M and Revicki, Dennis and Viney, Rosalie and Devlin, Nancy and Feeny, David},
    number = {8},
    pages = {867--877},
    volume = {33},
    url = {https://doi.org/10.1007/s40273-015-0292-9},
    doi = {10.1007/s40273-015-0292-9},
    issn = {1179-2027}
}

@article{Griffin2021A2019,
    title = {{A critique of the English national policy from a social determinants of health perspective using a realist and problem representation approach: the ‘Childhood Obesity: a plan for action’ (2016, 2018, 2019)}},
    year = {2021},
    journal = {BMC Public Health},
    author = {Griffin, Naomi and Phillips, Sophie M. and Hillier-Brown, Frances and Wistow, Jonathan and Fairbrother, Hannah and Holding, Eleanor and Powell, Katie and Summerbell, Carolyn},
    number = {1},
    volume = {21},
    doi = {10.1186/s12889-021-12364-6},
    issn = {14712458}
}

@article{Skivington2021AGuidance,
    title = {{A new framework for developing and evaluating complex interventions: update of Medical Research Council guidance}},
    year = {2021},
    journal = {BMJ},
    author = {Skivington, Kathryn and Matthews, Lynsay and Simpson, Sharon Anne and Craig, Peter and Baird, Janis and Blazeby, Jane M and Boyd, Kathleen Anne and Craig, Neil and French, David P and McIntosh, Emma and Petticrew, Mark and Rycroft-Malone, Jo and White, Martin and Moore, Laurence},
    pages = {n2061},
    volume = {374},
    url = {https://www.bmj.com/content/bmj/374/bmj.n2061.full.pdf},
    doi = {10.1136/bmj.n2061}
}

@article{Devlin2019AFunctions,
    title = {{A new method for valuing health: directly eliciting personal utility functions}},
    year = {2019},
    journal = {European Journal of Health Economics},
    author = {Devlin, Nancy J. and Shah, Koonal K. and Mulhern, Brendan J. and Pantiri, Krystallia and van Hout, Ben},
    number = {2},
    volume = {20},
    doi = {10.1007/s10198-018-0993-z},
    issn = {16187601}
}

@techreport{Hill2019ASUMMARY,
    title = {{A REVIEW OF THE METHODS USED TO ESTIMATE AND MODEL UTILITY VALUES IN NICE TECHNOLOGY APPRAISALS FOR PAEDIATRIC POPULATIONS REPORT BY THE DECISION SUPPORT UNIT A review of the methods used to estimate and model utility values in NICE technology appraisals for paediatric EXECUTIVE SUMMARY}},
    year = {2019},
    author = {Hill, Harry and Rowen, Donna and Pennington, Becky and Wong, Ruth and Wailoo, Allan and wwwnicedsuorguk Twitter, Website},
    url = {www.nicedsu.org.uk},
    institution = {NICE Decision Support Unit}
}

@techreport{Rowen2019AUNIT,
    title = {{A REVIEW OF THE PSYCHOMETRIC PERFORMANCE OF CHILD AND ADOLESCENT PREFERENCE-BASED MEASURES USED TO GENERATE UTILITY VALUES FOR CHILDREN REPORT BY THE DECISION SUPPORT UNIT}},
    year = {2019},
    author = {Rowen, Donna and Keetharuth, Anju and Poku, Edith and Wong, Ruth and Pennington, Becky and Wailoo, Allan and Uk, Website Www Nicedsu Org and @nice{\_}Dsu, Twitter},
    url = {www.nicedsu.org.uk}
}

@article{Banegas2003AUnion,
    title = {{A simple estimate of mortality attributable to excess weight in the European Union}},
    year = {2003},
    journal = {Eur J Clin Nutr},
    author = {Banegas, J R and L{\'{o}}pez-Garc{\'{i}}a, E and Guti{\'{e}}rrez-Fisac, J L and Guallar-Castill{\'{o}}n, P and Rodr{\'{i}}guez-Artalejo, F},
    number = {2},
    pages = {201--208},
    volume = {57},
    doi = {10.1038/sj.ejcn.1601538}
}

@techreport{Dolan1995ASurvey,
    title = {{A social tariff for EuroQol: results from a UK general population survey}},
    year = {1995},
    author = {Dolan, Paul and Gudex, Claire and Kind, Paul and Williams, Alan}
}

@article{Whitty2014AMethods,
    title = {{A think aloud study comparing the validity and acceptability of discrete choice and best worst scaling methods}},
    year = {2014},
    journal = {PLoS ONE},
    author = {Whitty, Jennifer A. and Walker, Ruth and Golenko, Xanthe and Ratcliffe, Julie},
    number = {4},
    month = {4},
    volume = {9},
    publisher = {Public Library of Science},
    doi = {10.1371/journal.pone.0090635},
    issn = {19326203},
    pmid = {24759637}
}

@article{Rogers2022AdolescentCaries,
    title = {{Adolescent valuation of CARIES-QC-U: a child-centred preference-based measure of dental caries}},
    year = {2022},
    journal = {Health Qual Life Outcomes},
    author = {Rogers, H J and Sagabiel, J and Marshman, Z and Rodd, H D and Rowen, D},
    number = {1},
    pages = {18},
    volume = {20},
    doi = {10.1186/s12955-022-01918-w},
    issn = {1477-7525}
}

@article{Ratcliffe2012AnPopulation,
    title = {{An assessment of the construct validity of the CHU9D in the Australian adolescent general population}},
    year = {2012},
    journal = {Quality of Life Research},
    author = {Ratcliffe, Julie and Stevens, Katherine and Flynn, Terry and Brazier, John and Sawyer, Michael},
    number = {4},
    pages = {717--725},
    volume = {21},
    issn = {1573-2649}
}

@book{2003ApplyingTechniques,
    title = {{Applying Contemporary Statistical Techniques}},
    year = {2003},
    booktitle = {Applying Contemporary Statistical Techniques},
    doi = {10.1016/b978-0-12-751541-0.x5021-4}
}

@article{Kolotkin2006AssessingAdolescents,
    title = {{Assessing weight-related quality of life in adolescents}},
    year = {2006},
    journal = {Obesity (Silver Spring, Md.)},
    author = {Kolotkin, Ronette L and Zeller, Meg and Modi, Avani C and Samsa, Gregory P and Quinlan, Nicole Polanichka and Yanovski, Jack A and Bell, Stephen K and Maahs, David M and de Serna, Daniela Gonzales and Roehrig, Helmut R},
    number = {3},
    pages = {448--457},
    volume = {14},
    url = {https://pubmed.ncbi.nlm.nih.gov/16648616 https://www.ncbi.nlm.nih.gov/pmc/articles/PMC2374918/},
    doi = {10.1038/oby.2006.59},
    issn = {1930-7381}
}

@techreport{LOUVIEREBEST-WORSTSCALING,
    title = {{BEST-WORST SCALING}},
    author = {LOUVIERE, JORDAN and FLYNN, TERRY and MARLEY, A.A.J.}
}

@article{Chen2014BMIStudy,
    title = {{BMI, health behaviors, and quality of life in children and adolescents: a school-based study}},
    year = {2014},
    journal = {Pediatrics},
    author = {Chen, Gang and Ratcliffe, Julie and Olds, Tim and Magarey, Anthea and Jones, Michelle and Leslie, Eva},
    number = {4},
    pages = {e868-e874},
    volume = {133},
    issn = {0031-4005}
}

@article{Bell2019ChangesProgram,
    title = {{Changes in weight status, quality of life and behaviours of South Australian primary school children: results from the Obesity Prevention and Lifestyle (OPAL) community intervention program}},
    year = {2019},
    journal = {BMC Public Health},
    author = {Bell, Lucinda and Ullah, Shahid and Leslie, Eva and Magarey, Anthea and Olds, Timothy and Ratcliffe, Julie and Chen, Gang and Miller, Michelle and Jones, Michelle and Cobiac, Lynne},
    number = {1},
    pages = {1--14},
    volume = {19},
    issn = {1471-2458}
}

@article{Hernandez-Quevedo2019ChildhoodIt,
    title = {{Childhood obesity in Europe and policies to address it}},
    year = {2019},
    journal = {Eurohealth},
    author = {Hern{\'{a}}ndez-Quevedo, Cristina and Gauci, Charmaine and Rechel, Bernd},
    number = {1},
    pages = {7--10},
    volume = {25},
    issn = {1356-1030}
}

@article{Wyatt2018ClusterChildren,
    title = {{Cluster randomised controlled trial and economic and process evaluation to determine the effectiveness and cost-effectiveness of a novel intervention [Healthy Lifestyles Programme (HeLP)] to prevent obesity in school children}},
    year = {2018},
    journal = {Public Health Research},
    author = {Wyatt, Katrina and Lloyd, Jenny and Creanor, Siobhan and Green, Colin and Dean, Sarah G and Hillsdon, Melvyn and Abraham, Charles and Tomlinson, Richard and Pearson, Virginia and Taylor, Rod S and Ryan, Emma and Streeter, Adam and McHugh, Camilla and Hurst, Alison and Price, Lisa and Crathorne, Louise and Kr{\"{a}}geloh, Chris and Siegert, Richard and Logan, Stuart},
    number = {1},
    volume = {6},
    doi = {10.3310/phr06010},
    issn = {2050-4381}
}

@book{Higgins2019CochraneInterventions,
    title = {{Cochrane handbook for systematic reviews of interventions}},
    year = {2019},
    author = {Higgins, Julian P T and Thomas, James and Chandler, Jacqueline and Cumpston, Miranda and Li, Tianjing and Page, Matthew J and Welch, Vivian A},
    publisher = {John Wiley {\&} Sons},
    isbn = {1119536618}
}

@book{Higgins2019CochraneInterventionsb,
    title = {{Cochrane handbook for systematic reviews of interventions}},
    year = {2019},
    author = {Higgins, Julian P T and Thomas, James and Chandler, Jacqueline and Cumpston, Miranda and Li, Tianjing and Page, Matthew J and Welch, Vivian A},
    publisher = {John Wiley {\&} Sons},
    isbn = {1119536618}
}

@article{Krouwel2019ComparingAnalysis,
    title = {{Comparing Skype (video calling) and in-person qualitative interview modes in a study of people with irritable bowel syndrome – an exploratory comparative analysis}},
    year = {2019},
    journal = {BMC Medical Research Methodology},
    author = {Krouwel, Matthew and Jolly, Kate and Greenfield, Sheila},
    number = {1},
    pages = {219},
    volume = {19},
    url = {https://doi.org/10.1186/s12874-019-0867-9},
    doi = {10.1186/s12874-019-0867-9},
    issn = {1471-2288}
}

@article{Versteegh2012Condition-SpecificBurden,
    title = {{Condition-Specific Preference-Based Measures: Benefit or Burden?}},
    year = {2012},
    journal = {Value in Health},
    author = {Versteegh, Matthijs M and Leunis, Annemieke and Uyl-de Groot, Carin A and Stolk, Elly A},
    number = {3},
    pages = {504--513},
    volume = {15},
    url = {https://www.sciencedirect.com/science/article/pii/S1098301511036552},
    doi = {https://doi.org/10.1016/j.jval.2011.12.003},
    issn = {1098-3015}
}

@article{Richardson2012ConstructionInstrument,
    title = {{Construction of the descriptive system for the assessment of quality of life AQoL-6D utility instrument}},
    year = {2012},
    journal = {Health and quality of life outcomes},
    author = {Richardson, Jeffrey R J and Peacock, Stuart J and Hawthorne, Graeme and Iezzi, Angelo and Elsworth, Gerald and Day, Neil A},
    number = {1},
    pages = {1--9},
    volume = {10},
    issn = {1477-7525}
}

@article{Panca2018Cost-effectivenessTrial,
    title = {{Cost-effectiveness of a community-delivered multicomponent intervention compared with enhanced standard care of obese adolescents: cost-utility analysis alongside a randomised controlled trial (the HELP trial)}},
    year = {2018},
    journal = {BMJ open},
    author = {Panca, Monica and Christie, Deborah and Cole, Tim J and Costa, Silvia and Gregson, John and Holt, Rebecca and Hudson, Lee D and Kessel, Anthony S and Kinra, Sanjay and Mathiot, Anne},
    number = {2},
    pages = {e018640},
    volume = {8},
    issn = {2044-6055}
}

@article{Peer2022DataResearch,
    title = {{Data quality of platforms and panels for online behavioral research}},
    year = {2022},
    journal = {Behavior Research Methods},
    author = {Peer, Eyal and Rothschild, David and Gordon, Andrew and Evernden, Zak and Damer, Ekaterina},
    number = {4},
    volume = {54},
    doi = {10.3758/s13428-021-01694-3},
    issn = {15543528}
}

@article{Sung2013DecisionPreferences,
    title = {{Decision making in pediatric oncology: evaluation and incorporation of patient and parent preferences}},
    year = {2013},
    journal = {Pediatr Blood Cancer},
    author = {Sung, L and Regier, D A},
    number = {4},
    pages = {558--563},
    volume = {60},
    doi = {10.1002/pbc.24450},
    issn = {1545-5009}
}

@misc{Keeney1979DecisionsTrade-Offs,
    title = {{Decisions with Multiple Objectives: Preferences and Value Trade-Offs}},
    year = {1979},
    booktitle = {IEEE Transactions on Systems, Man and Cybernetics},
    author = {Keeney, R. L. and Raiffa, H.},
    number = {7},
    volume = {9},
    doi = {10.1109/TSMC.1979.4310245},
    issn = {21682909}
}

@article{Stevens2009DevelopingChildren,
    title = {{Developing a descriptive system for a new preference-based measure of health-related quality of life for children}},
    year = {2009},
    journal = {Quality of Life Research},
    author = {Stevens, Katherine},
    number = {8},
    pages = {1105--1113},
    volume = {18},
    url = {https://doi.org/10.1007/s11136-009-9524-9},
    doi = {10.1007/s11136-009-9524-9},
    issn = {1573-2649}
}

@article{Robinson2021DevelopingProtocol,
    title = {{Developing a preference-based measure for weight-specific health-related quality of life in adolescence: The WAItE UK valuation study protocol}},
    year = {2021},
    journal = {BMJ Open},
    author = {Robinson, Tomos and Hill, Sarah and Oluboyede, Yemi},
    number = {11},
    volume = {11},
    doi = {10.1136/bmjopen-2021-054203},
    issn = {20446055}
}

@article{Robinson2021DevelopingProtocolb,
    title = {{Developing a preference-based measure for weight-specific health-related quality of life in adolescence: the WAItE UK valuation study protocol}},
    year = {2021},
    journal = {BMJ open},
    author = {Robinson, Tomos and Hill, Sarah and Oluboyede, Yemi},
    number = {11},
    pages = {e054203},
    volume = {11},
    url = {http://ovidsp.ovid.com/ovidweb.cgi?T=JS&PAGE=reference&D=med20&NEWS=N&AN=34785557},
    doi = {https://dx.doi.org/10.1136/bmjopen-2021-054203},
    issn = {2044-6055}
}

@article{Whitehurst2018DevelopingKingdom,
    title = {{Developing Accessible, Pictorial Versions of Health-Related Quality-of-Life Instruments Suitable for Economic Evaluation: A Report of Preliminary Studies Conducted in Canada and the United Kingdom}},
    year = {2018},
    journal = {PharmacoEconomics - Open},
    author = {Whitehurst, David G.T. and Latimer, Nicholas R. and Kagan, Aura and Palmer, Rebecca and Simmons-Mackie, Nina and Victor, J. Charles and Hoch, Jeffrey S.},
    number = {3},
    volume = {2},
    doi = {10.1007/s41669-018-0083-2},
    issn = {25094254}
}

@article{Ratcliffe2012DevelopingEvaluation,
    title = {{Developing Adolescent-Specific Health State Values for Economic Evaluation}},
    year = {2012},
    journal = {PharmacoEconomics},
    author = {Ratcliffe, Julie and Flynn, Terry and Terlich, Frances and Stevens, Katherine and Brazier, John and Sawyer, Michael},
    number = {8},
    volume = {30},
    doi = {10.2165/11597900-000000000-00000},
    issn = {1170-7690}
}

@article{Hettiarachchi2023DevelopingExperiment,
    title = {{Developing an Australian utility value set for the Early Childhood Oral Health Impact Scale-4D (ECOHIS-4D) using a discrete choice experiment}},
    year = {2023},
    journal = {Eur J Health Econ},
    author = {Hettiarachchi, R M and Arrow, P and Senanayake, S and Carter, H and Brain, D and Norman, R and Tonmukayawul, U and Jamieson, L and Kularatna, S},
    number = {8},
    pages = {1285--1296},
    volume = {24},
    doi = {10.1007/s10198-022-01542-x},
    issn = {1618-7598}
}

@article{Oluboyede2017DevelopmentAdolescents,
    title = {{Development and refinement of the WAItE: a new obesity-specific quality of life measure for adolescents}},
    year = {2017},
    journal = {Quality of Life Research},
    author = {Oluboyede, Yemi and Hulme, Claire and Hill, Andrew},
    number = {8},
    volume = {26},
    doi = {10.1007/s11136-017-1561-1},
    issn = {15732649}
}

@article{Bray2024DevelopmentImpairment,
    title = {{Development of a value-based scoring system for the MobQoL-7D: a novel tool for measuring quality-adjusted life years in the context of mobility impairment}},
    year = {2024},
    journal = {Disability and Rehabilitation},
    author = {Bray, Nathan and Tudor Edwards, Rhiannon and Schneider, Paul},
    pages = {1--10},
    url = {https://doi.org/10.1080/09638288.2023.2297929},
    doi = {10.1080/09638288.2023.2297929},
    issn = {0963-8288}
}

@article{Wille2010DevelopmentEQ-5D,
    title = {{Development of the EQ-5D-Y: a child-friendly version of the EQ-5D}},
    year = {2010},
    journal = {Quality of life research},
    author = {Wille, Nora and Badia, Xavier and Bonsel, Gouke and Burstr{\"{o}}m, Kristina and Cavrini, Gulia and Devlin, Nancy and Egmar, Ann-Charlotte and Greiner, Wolfgang and Gusi, Narcis and Herdman, Michael},
    number = {6},
    pages = {875--886},
    volume = {19},
    issn = {1573-2649}
}

@article{Jones2018DevelopmentChildren,
    title = {{Development of the MapMe intervention body image scales of known weight status for 4–5 and 10–11 year old children}},
    year = {2018},
    journal = {Journal of public health},
    author = {Jones, A R and Tov{\'{e}}e, Martin J and Cutler, L R and Parkinson, K N and Ells, L J and Araujo-Soares, V and Pearce, M S and Mann, K D and Scott, D and Harris, J M},
    number = {3},
    pages = {582--590},
    volume = {40},
    issn = {1741-3842}
}

@article{Chiou2005DevelopmentPAHOM,
    title = {{Development of the multi-attribute Pediatric Asthma Health Outcome Measure (PAHOM)}},
    year = {2005},
    journal = {Int J Qual Health Care},
    author = {Chiou, C F and Weaver, M R and Bell, M A and Lee, T A and Krieger, J W},
    number = {1},
    pages = {23--30},
    volume = {17},
    doi = {10.1093/intqhc/mzh086},
    issn = {1353-4505 (Print)}
}

@article{Saigal1999DifferencesAdolescents,
    title = {{Differences in preferences for neonatal outcomes among health care professionals, parents, and adolescents}},
    year = {1999},
    journal = {Jama},
    author = {Saigal, Saroj and Stoskopf, Barbara L and Feeny, David and Furlong, William and Burrows, Elizabeth and Rosenbaum, Peter L and Hoult, Lorraine},
    number = {21},
    pages = {1991--1997},
    volume = {281},
    issn = {0098-7484}
}

@article{Rogers2021DiscretePeople,
    title = {{Discrete choice experiments or best-worst scaling? A qualitative study to determine the suitability of preference elicitation tasks in research with children and young people}},
    year = {2021},
    journal = {Journal of Patient-Reported Outcomes},
    author = {Rogers, Helen J. and Marshman, Zoe and Rodd, Helen and Rowen, Donna},
    number = {1},
    volume = {5},
    doi = {10.1186/s41687-021-00302-4},
    issn = {25098020}
}

@article{McAuley2010EconomicProject,
    title = {{Economic evaluation of a community‐based obesity prevention program in children: the APPLE project}},
    year = {2010},
    journal = {Obesity},
    author = {McAuley, Kirsten A and Taylor, Rachael W and Farmer, Victoria L and Hansen, Paul and Williams, Sheila M and Booker, Chris S and Mann, Jim I},
    number = {1},
    pages = {131--136},
    volume = {18},
    issn = {1930-7381}
}

@article{Makkes2017EconomicAdolescents,
    title = {{Economic evaluation of intensive inpatient treatments for severely obese children and adolescents}},
    year = {2017},
    journal = {Obesity facts},
    author = {Makkes, Sabine and van Dongen, Johanna M and Renders, Carry M and van der Baan-Slootweg, Olga H and Seidell, Jacob C and Bosmans, Judith E},
    number = {5},
    pages = {458--472},
    volume = {10},
    issn = {1662-4025}
}

@article{Breheny2020EffectivenessTrial,
    title = {{Effectiveness and cost-effectiveness of The Daily Mile on childhood weight outcomes and wellbeing: a cluster randomised controlled trial}},
    year = {2020},
    journal = {International Journal of Obesity},
    author = {Breheny, Katie and Passmore, Sandra and Adab, Peymane and Martin, James and Hemming, Karla and Lancashire, Emma R and Frew, Emma},
    number = {4},
    pages = {812--822},
    volume = {44},
    issn = {1476-5497}
}

@article{Adab2018EffectivenessStudy,
    title = {{Effectiveness of a childhood obesity prevention programme delivered through schools, targeting 6 and 7 year olds: cluster randomised controlled trial (WAVES study)}},
    year = {2018},
    journal = {BMJ},
    author = {Adab, Peymane and Pallan, Miranda J and Lancashire, Emma R and Hemming, Karla and Frew, Emma and Barrett, Tim and Bhopal, Raj and Cade, Janet E and Canaway, Alastair and Clarke, Joanne L and Daley, Amanda and Deeks, Jonathan J and Duda, Joan L and Ekelund, Ulf and Gill, Paramjit and Griffin, Tania and McGee, Eleanor and Hurley, Kiya and Martin, James and Parry, Jayne and Passmore, Sandra and Cheng, K K},
    pages = {k211},
    volume = {360},
    url = {http://www.bmj.com/content/360/bmj.k211.abstract},
    doi = {10.1136/bmj.k211}
}

@misc{EUROQoL2021EQ-5D-YAbout,
    title = {{EQ-5D-Y (Youth) | About}},
    year = {2021},
    author = {{EUROQoL}},
    url = {https://euroqol.org/eq-5d-instruments/eq-5d-y-about/}
}

@article{Rabin2001EQ-5D:Group,
    title = {{EQ-5D: a measure of health status from the EuroQol Group}},
    year = {2001},
    journal = {Ann Med},
    author = {Rabin, R and de Charro, F},
    number = {5},
    pages = {337--343},
    volume = {33},
    doi = {10.3109/07853890109002087},
    issn = {0785-3890 0785-3890}
}

@article{Brazier2004EstimatingSF-6D,
    title = {{Estimating a Preference-Based Single Index for the Impact of Weight on Quality of Life-Lite (IWQOL-Lite) Instrument from the SF-6D}},
    year = {2004},
    journal = {Value in Health},
    author = {Brazier, John E and Kolotkin, Ronette L and Crosby, Ross D and Williams, G Rhys},
    number = {4},
    pages = {490--498},
    volume = {7},
    url = {https://www.sciencedirect.com/science/article/pii/S1098301510602094},
    doi = {https://doi.org/10.1111/j.1524-4733.2004.74012.x},
    issn = {1098-3015},
    keywords = {Impact of Weight on Quality of Life-Lite (IWQOL-lite), SF-6D, health-related quality of life (HRQOL), obesity, utility measure}
}

@article{Killedar2020EstimatingZ-Score,
    title = {{Estimating Age-and Sex-Specific Utility Values from the CHU9D Associated with Child and Adolescent BMI z-Score}},
    year = {2020},
    journal = {PharmacoEconomics},
    author = {Killedar, Anagha and Lung, Thomas and Petrou, Stavros and Teixeira-Pinto, Armando and Hayes, Alison},
    number = {4},
    pages = {375--384},
    volume = {38},
    issn = {1179-2027}
}

@article{Robinson2019EstimatingEvaluation,
    title = {{Estimating CHU-9D Utility Scores from the WAItE: A Mapping Algorithm for Economic Evaluation}},
    year = {2019},
    journal = {Value in Health},
    author = {Robinson, Tomos and Oluboyede, Yemi},
    number = {2},
    volume = {22},
    doi = {10.1016/j.jval.2018.09.2839},
    issn = {15244733}
}

@article{Robinson2019EstimatingEvaluationb,
    title = {{Estimating CHU-9D Utility Scores from the WAItE: A Mapping Algorithm for Economic Evaluation}},
    year = {2019},
    journal = {Value in Health},
    author = {Robinson, Tomos and Oluboyede, Yemi},
    number = {2},
    pages = {239--246},
    volume = {22},
    url = {https://www.sciencedirect.com/science/article/pii/S1098301518361412},
    doi = {https://doi.org/10.1016/j.jval.2018.09.2839},
    issn = {1098-3015}
}

@article{Schneider2024ExploringLevel,
    title = {{Exploring health preference heterogeneity in the UK: Using the online elicitation of personal utility functions approach to construct EQ-5D-5L value functions on societal, group and individual level}},
    year = {2024},
    journal = {Health Economics (United Kingdom)},
    author = {Schneider, Paul and Devlin, Nancy and van Hout, Ben and Brazier, John},
    number = {5},
    volume = {33},
    doi = {10.1002/hec.4805},
    issn = {10991050}
}

@article{Lopes2020ExternalInterventions,
    title = {{External Validation of the Core Obesity Model to Assess the Cost-Effectiveness of Weight Management Interventions}},
    year = {2020},
    journal = {PharmacoEconomics},
    author = {Lopes, Sandra and Johansen, Pierre and Lamotte, Mark and McEwan, Phil and Olivieri, Anamaria Vera and Foos, Volker},
    number = {10},
    volume = {38},
    doi = {10.1007/s40273-020-00941-3},
    issn = {11792027}
}

@article{Dalziel2020FeasibilityScaling,
    title = {{Feasibility, validity and differences in adolescent and adult EQ-5D-Y health state valuation in Australia and Spain: an application of best–worst scaling}},
    year = {2020},
    journal = {Pharmacoeconomics},
    author = {Dalziel, Kim and Catchpool, Max and Garc{\textbackslash}'{\textbackslash}ia-Lorenzo, Borja and Gorostiza, Inigo and Norman, Richard and Rivero-Arias, Oliver},
    pages = {499--513},
    volume = {38},
    publisher = {Springer}
}

@misc{Koonal2019GeneratingHTA,
    title = {{Generating Preference-based Values for the EQ-5D-Y to Support Its Use in HTA}},
    year = {2019},
    author = {Koonal, Shah},
    url = {https://www.ohe.org/news/generating-preference-based-values-eq-5d-y-support-its-use-hta}
}

@misc{England2017HealthEnvironment,
    title = {{Health matters: obesity and the food environment}},
    year = {2017},
    author = {England, Public Health},
    publisher = {GOV.UK},
    url = {https://www.gov.uk/government/publications/health-matters-obesity-and-the-food-environment/health-matters-obesity-and-the-food-environment–2}
}

@article{Belfort2011HealthAdolescents,
    title = {{Health state preferences associated with weight status in children and adolescents}},
    year = {2011},
    journal = {BMC pediatrics},
    author = {Belfort, Mandy B and Zupancic, John A F and Riera, Katherine M and Turner, Jane H G and Prosser, Lisa A},
    number = {1},
    pages = {1--8},
    volume = {11},
    issn = {1471-2431}
}

@article{Hoedjes2018Health-relatedFollow-up,
    title = {{Health-related quality of life in children and adolescents with severe obesity after intensive lifestyle treatment and at 1-year follow-up}},
    year = {2018},
    journal = {Obesity facts},
    author = {Hoedjes, Meeke and Makkes, Sabine and Halberstadt, Jutka and Noordam, Hanneke and Renders, Carry M and Bosmans, Judith E and Van Der Baan-Slootweg, Olga H and Seidell, Jacob C},
    number = {2},
    pages = {116--128},
    volume = {11},
    issn = {1662-4025}
}

@article{Eminson2018HowChildhood,
    title = {{How does age affect the relationship between weight and health utility during the middle years of childhood?}},
    year = {2018},
    journal = {Quality of Life Research},
    author = {Eminson, Katie and Canaway, Alastair and Adab, Peymané and Lancashire, Emma and Pallan, Miranda and Frew, Emma},
    number = {6},
    pages = {1455--1462},
    volume = {27},
    issn = {1573-2649}
}

@article{Oluboyede2021ImplementingStudy,
    title = {{Implementing a weight-specific quality-of-life tool for young people in primary health care: a qualitative study}},
    year = {2021},
    journal = {BJGP Open},
    author = {Oluboyede, Yemi and Hill, Sarah R and McDonald, Suzanne and Henderson, Emily},
    number = {4},
    volume = {5},
    doi = {10.3399/bjgpo.2021.0052},
    issn = {2398-3795}
}

@article{Wright2001ImplicationsStudy,
    title = {{Implications of childhood obesity for adult health: Findings from thousand families cohort study}},
    year = {2001},
    journal = {BMJ},
    author = {Wright, Charlotte M. and Parker, Louise and Lamont, Douglas and Craft, Alan W.},
    number = {7324},
    volume = {323},
    doi = {10.1136/bmj.323.7324.1280},
    issn = {14685833}
}

@article{Danner2011IntegratingPreferences,
    title = {{Integrating patients' views into health technology assessment: Analytic hierarchy process (AHP) as a method to elicit patient preferences}},
    year = {2011},
    journal = {International Journal of Technology Assessment in Health Care},
    author = {Danner, Marion and Hummel, J. Marjan and Volz, Fabian and Van Manen, Jeannette G. and Wiegard, Beate and Dintsios, Charalabos Markos and Bastian, Hilda and Gerber, Andreas and Ijzerman, Maarten J.},
    number = {4},
    volume = {27},
    doi = {10.1017/S0266462311000523},
    issn = {02664623}
}

@article{Tan2018IsChildren,
    title = {{Is there an association between early weight status and utility-based health-related quality of life in young children?}},
    year = {2018},
    journal = {Quality of Life Research},
    author = {Tan, Eng Joo and Brown, Victoria and Petrou, Stavros and D’Souza, Mario and Moodie, Marjory L and Wen, Li Ming and Baur, Louise A and Rissel, Chris and Hayes, Alison J},
    number = {11},
    pages = {2851--2858},
    volume = {27},
    issn = {1573-2649}
}

@article{Frew2015IsStudy,
    title = {{Is utility-based quality of life associated with overweight in children? Evidence from the UK WAVES randomised controlled study}},
    year = {2015},
    journal = {BMC pediatrics},
    author = {Frew, Emma J and Pallan, Miranda and Lancashire, Emma and Hemming, Karla and Adab, Peymane},
    number = {1},
    pages = {1--10},
    volume = {15},
    issn = {1471-2431}
}

@article{Ravens-Sieberer2005KIDSCREEN-52Adolescents,
    title = {{KIDSCREEN-52 quality-of-life measure for children and adolescents}},
    year = {2005},
    journal = {Expert review of pharmacoeconomics and outcomes research},
    author = {Ravens-Sieberer, Ulrike and Gosch, Angela and Rajmil, Luis and Erhart, Michael and Bruil, Jeanet and Duer, Wolfgang and Auquier, Pascal and Power, Mick and Abel, Thomas and Czemy, Ladislav},
    number = {3},
    pages = {353--364},
    volume = {5},
    issn = {1473-7167}
}

@article{Cheraghi-Sohi2007MakingTechnique,
    title = {{Making sense of patient priorities: Applying discrete choice methods in primary care using 'think aloud' technique}},
    year = {2007},
    journal = {Family Practice},
    author = {Cheraghi-Sohi, Sudeh and Bower, Peter and Mead, Nicola and McDonald, Ruth and Whalley, Diane and Roland, Martin},
    number = {3},
    volume = {24},
    doi = {10.1093/fampra/cmm007},
    issn = {02632136}
}

@article{Cheraghi-Sohi2007MakingAloudtechnique,
    title = {{Making sense of patient priorities: applying discrete choice methods in primary care using ‘think aloud’technique}},
    year = {2007},
    journal = {Family practice},
    author = {Cheraghi-Sohi, Sudeh and Bower, Peter and Mead, Nicola and McDonald, Ruth and Whalley, Diane and Roland, Martin},
    number = {3},
    pages = {276--282},
    volume = {24},
    issn = {1460-2229}
}

@book{Brazier2017MeasuringEvaluation,
    title = {{Measuring and valuing health benefits for economic evaluation}},
    year = {2017},
    author = {Brazier, John and Ratcliffe, Julie and Saloman, Joshua and Tsuchiya, Aki},
    publisher = {OXFORD university press},
    isbn = {0198725922}
}

@article{Lamers2005MeasuringTariff,
    title = {{Measuring the quality of life in economic evaluations: the Dutch EQ-5D tariff}},
    year = {2005},
    journal = {Nederlands tijdschrift voor geneeskunde},
    author = {Lamers, L M and Stalmeier, P F and McDonnell, J and Krabbe, P F and van Busschbach, JJl},
    number = {28},
    pages = {1574--1578},
    volume = {149},
    issn = {0028-2162}
}

@article{Oluboyede2019MeasuringWAItE,
    title = {{Measuring Weight-Specific Quality of Life in Adolescents: An Examination of the Concurrent Validity and Test-Retest Reliability of the WAItE}},
    year = {2019},
    journal = {Value in Health},
    author = {Oluboyede, Yemi and {Tomos Robinson}},
    number = {3},
    volume = {22},
    doi = {10.1016/j.jval.2018.10.001},
    issn = {15244733}
}

@article{Oluboyede2019MeasuringWAItEb,
    title = {{Measuring Weight-Specific Quality of Life in Adolescents: An Examination of the Concurrent Validity and Test-Retest Reliability of the WAItE}},
    year = {2019},
    journal = {Value in Health},
    author = {Oluboyede, Yemi and Tomos, Robinson},
    number = {3},
    pages = {348--354},
    volume = {22},
    url = {https://www.sciencedirect.com/science/article/pii/S1098301518361941},
    doi = {https://doi.org/10.1016/j.jval.2018.10.001},
    issn = {1098-3015}
}

@misc{Corporation2018MicrosoftExcel,
    title = {{Microsoft Excel}},
    year = {2018},
    author = {Corporation, Microsoft},
    url = {https://office.microsoft.com/excel}
}

@misc{Corporation2018MicrosoftExcelb,
    title = {{Microsoft Excel}},
    year = {2018},
    author = {Corporation, Microsoft},
    url = {https://office.microsoft.com/excel}
}

@article{Feeny1995Multi-attributeSystems,
    title = {{Multi-attribute health status classification systems}},
    year = {1995},
    journal = {Pharmacoeconomics},
    author = {Feeny, David and Furlong, William and Boyle, Michael and Torrance, George W},
    number = {6},
    pages = {490--502},
    volume = {7},
    issn = {1179-2027}
}

@book{Belton2002MultipleAnalysis,
    title = {{Multiple Criteria Decision Analysis}},
    year = {2002},
    booktitle = {Multiple Criteria Decision Analysis},
    author = {Belton, Valerie and Stewart, Theodor J.},
    publisher = {Springer US},
    doi = {10.1007/978-1-4615-1495-4}
}

@article{Marsh2016MultipleForce,
    title = {{Multiple Criteria Decision Analysis for Health Care Decision Making - Emerging Good Practices: Report 2 of the ISPOR MCDA Emerging Good Practices Task Force}},
    year = {2016},
    journal = {Value in Health},
    author = {Marsh, Kevin and Ijzerman, Maarten and Thokala, Praveen and Baltussen, Rob and Boysen, Meindert and Kal{\'{o}}, Zoltán and L{\"{o}}nngren, Thomas and Mussen, Filip and Peacock, Stuart and Watkins, John and Devlin, Nancy},
    number = {2},
    volume = {19},
    doi = {10.1016/j.jval.2015.12.016},
    issn = {15244733}
}

@article{White2011MultiplePractice,
    title = {{Multiple imputation using chained equations: Issues and guidance for practice}},
    year = {2011},
    journal = {Statistics in Medicine},
    author = {White, Ian R. and Royston, Patrick and Wood, Angela M.},
    number = {4},
    volume = {30},
    doi = {10.1002/sim.4067},
    issn = {02776715}
}

@article{Ratcliffe2016NothingScaling,
    title = {{Nothing about us without us? A comparison of adolescent and adult health‐state values for the child health utility‐9D using profile case best–worst scaling}},
    year = {2016},
    journal = {Health Economics},
    author = {Ratcliffe, Julie and Huynh, Elisabeth and Stevens, Katherine and Brazier, John and Sawyer, Michael and Flynn, Terry},
    number = {4},
    pages = {486--496},
    volume = {25},
    issn = {1057-9230}
}

@misc{Ltd2020NVivo2020,
    title = {{NVivo (released in March 2020)}},
    year = {2020},
    author = {Ltd, Q S R International Pty},
    url = {https://www.qsrinternational.com/nvivo-qualitative-data-analysis-software/home}
}

@article{Vaamonde2020ObesityOverweight,
    title = {{Obesity and overweight}},
    year = {2020},
    journal = {Medicine (Spain)},
    author = {Vaamonde, J. Gargallo and {\'{A}}lvarez-M{\'{o}}n, M. A.},
    number = {14},
    volume = {13},
    doi = {10.1016/j.med.2020.07.010},
    issn = {15788822}
}

@article{Rudman2019ObesityStudy,
    title = {{Obesity, bone density relative to body weight and prevalent vertebral fracture at age 62 years: the Newcastle thousand families study}},
    year = {2019},
    journal = {Osteoporosis International},
    author = {Rudman, H. A. and Birrell, F. and Pearce, M. S. and Tuck, S. P. and Francis, R. M. and Treadgold, L. and Hind, K.},
    number = {4},
    volume = {30},
    doi = {10.1007/s00198-018-04817-3},
    issn = {14332965}
}

@article{Brodszky2023PCR108States,
    title = {{PCR108 Pilot Testing the Hungarian Version of Online Elicitation of Personal Utility Functions Tool for Valuing EQ-5D-5L Health States}},
    year = {2023},
    journal = {Value in Health},
    author = {Brodszky, V. and Plank{\'{o}}, S. and Schneider, P. and Devlin, N.},
    number = {12},
    month = {12},
    pages = {S469},
    volume = {26},
    publisher = {Elsevier BV},
    doi = {10.1016/j.jval.2023.09.2547},
    issn = {10983015}
}

@article{Arber2017PERFORMANCESTUDIES,
    title = {{PERFORMANCE OF OVID MEDLINE SEARCH FILTERS TO IDENTIFY HEALTH STATE UTILITY STUDIES}},
    year = {2017},
    journal = {International Journal of Technology Assessment in Health Care},
    author = {Arber, Mick and Garcia, Sonia and Veale, Thomas and Edwards, Mary and Shaw, Alison and Glanville, Julie M},
    number = {4},
    pages = {472--480},
    volume = {33},
    url = {https://www.cambridge.org/core/article/performance-of-ovid-medline-search-filters-to-identify-health-state-utility-studies/9AF4385A6EADE50827EA2A27854CE0D2},
    doi = {10.1017/S0266462317000897},
    issn = {0266-4623}
}

@article{Anderson2013PERMANOVATesting,
    title = {{PERMANOVA, ANOSIM, and the Mantel test in the face of heterogeneous dispersions: What null hypothesis are you testing?}},
    year = {2013},
    journal = {Ecological Monographs},
    author = {Anderson, Marti J. and Walsh, Daniel C.I.},
    number = {4},
    volume = {83},
    doi = {10.1890/12-2010.1},
    issn = {00129615}
}

@article{Boyle2010PhysicalAdolescents,
    title = {{Physical activity, quality of life, weight status and diet in adolescents}},
    year = {2010},
    journal = {Quality of Life Research},
    author = {Boyle, Spencer E and Jones, Georgina L and Walters, Stephen J},
    number = {7},
    pages = {943--954},
    volume = {19},
    issn = {1573-2649}
}

@article{Xiang2024PlanningAnalysis,
    title = {{Planning policies to restrict fast food and inequalities in child weight in England: a quasi-experimental analysis}},
    year = {2024},
    journal = {Obesity},
    author = {Xiang, Huasheng and Goffe, Louis and Albani, Viviana and Akhter, Nasima and Lake, Amelia A and Brown, Heather},
    number = {n/a},
    month = {10},
    volume = {n/a},
    publisher = {John Wiley {\&} Sons, Ltd},
    url = {https://doi.org/10.1002/oby.24127},
    doi = {https://doi.org/10.1002/oby.24127},
    issn = {1930-7381}
}

@article{Souza2013PopulationEstuary,
    title = {{Population ecology and habitat preferences of juvenile flounder Platichthys flesus (Actinopterygii: Pleuronectidae) in a temperate estuary}},
    year = {2013},
    journal = {Journal of Sea Research},
    author = {Souza, Allan T. and Dias, Ester and Nogueira, Ana and Campos, Joana and Marques, João C. and Martins, Irene},
    volume = {79},
    doi = {10.1016/j.seares.2013.01.005},
    issn = {13851101}
}

@article{Moodie2010PredictingInstrument,
    title = {{Predicting time trade-off health state valuations of adolescents in four Pacific countries using the Assessment of Quality-of-Life (AQoL-6D) instrument}},
    year = {2010},
    journal = {Value in Health},
    author = {Moodie, Marj and Richardson, Jeff and Rankin, Bree and Iezzi, Angelo and Sinha, Kompal},
    number = {8},
    pages = {1014--1027},
    volume = {13},
    issn = {1098-3015}
}

@article{Eggers2011PreferenceDevelopments,
    title = {{Preference measurement with conjoint analysis. Overview of state-of-the-art approaches and recent developments}},
    year = {2011},
    journal = {NIM Marketing Intelligence Review},
    author = {Eggers, Felix and Sattler, Henrik},
    number = {1},
    pages = {36--47},
    volume = {3}
}

@article{Moher2015PreferredStatement,
    title = {{Preferred reporting items for systematic review and meta-analysis protocols (PRISMA-P) 2015 statement}},
    year = {2015},
    journal = {Systematic reviews},
    author = {Moher, David and Shamseer, Larissa and Clarke, Mike and Ghersi, Davina and Liberati, Alessandro and Petticrew, Mark and Shekelle, Paul and Stewart, Lesley A and Group, Prisma-P},
    pages = {1--9},
    volume = {4}
}

@article{Haddaway2022PRISMA2020:Synthesis,
    title = {{PRISMA2020: An R package and Shiny app for producing PRISMA 2020-compliant flow diagrams, with interactivity for optimised digital transparency and Open Synthesis}},
    year = {2022},
    journal = {Campbell Systematic Reviews},
    author = {Haddaway, Neal R and Page, Matthew J and Pritchard, Chris C and McGuinness, Luke A},
    number = {2},
    pages = {e1230},
    volume = {18},
    url = {https://onlinelibrary.wiley.com/doi/abs/10.1002/cl2.1230},
    doi = {https://doi.org/10.1002/cl2.1230}
}

@article{Ochoa-Moreno2024ProjectedInaction,
    title = {{Projected health and economic effects of the increase in childhood obesity during the COVID-19 pandemic in England: The potential cost of inaction}},
    year = {2024},
    journal = {PLOS ONE},
    author = {Ochoa-Moreno, Iván and Taheem, Ravita and Woods-Townsend, Kathryn and Chase, Debbie and Godfrey, Keith M and Modi, Neena and Hanson, Mark},
    number = {1},
    month = {1},
    pages = {e0296013-},
    volume = {19},
    publisher = {Public Library of Science},
    url = {https://doi.org/10.1371/journal.pone.0296013}
}

@misc{Griebsch2005Quality-adjustedHealth,
    title = {{Quality-adjusted life-years lack quality in pediatric care: A critical review of published cost-utility studies in child health}},
    year = {2005},
    booktitle = {Pediatrics},
    author = {Griebsch, Ingolf and Coast, Joanna and Brown, Jackie},
    number = {5},
    volume = {115},
    doi = {10.1542/peds.2004-2127},
    issn = {00314005}
}

@article{Robertson2017RandomisedChildren,
    title = {{Randomised controlled trial and economic evaluation of the ‘Families for Health’programme to reduce obesity in children}},
    year = {2017},
    journal = {Archives of disease in childhood},
    author = {Robertson, Wendy and Fleming, Joanna and Kamal, Atiya and Hamborg, Thomas and Khan, Kamran A and Griffiths, Frances and Stewart-Brown, Sarah and Stallard, Nigel and Petrou, Stavros and Simkiss, Douglas},
    number = {5},
    pages = {416--426},
    volume = {102},
    issn = {0003-9888}
}

@article{Ryan2009RationalisingResponses,
    title = {{Rationalising the ‘irrational’: a think aloud study of discrete choice experiment responses}},
    year = {2009},
    journal = {Health economics},
    author = {Ryan, Mandy and Watson, Verity and Entwistle, Vikki},
    number = {3},
    pages = {321--336},
    volume = {18},
    issn = {1057-9230}
}

@article{OuzzaniMouradandHammady2016RayyanaReviews,
    title = {{Rayyan—a web and mobile app for systematic reviews}},
    year = {2016},
    journal = {Systematic Reviews},
    author = {Ouzzani Mourad and Hammady, Hossam
        and Fedorowicz Zbys
        and Elmagarmid Ahmed},
    number = {1},
    pages = {210},
    volume = {5},
    url = {http://dx.doi.org/10.1186/s13643-016-0384-4},
    doi = {10.1186/s13643-016-0384-4},
    issn = {2046-4053}
}

@article{Gardner2014ReflectingMeasures,
    title = {{Reflecting on non-reflective action: An exploratory think-aloud study of self-report habit measures}},
    year = {2014},
    journal = {British Journal of Health Psychology},
    author = {Gardner, Benjamin and Tang, Vinca},
    number = {2},
    pages = {258--273},
    volume = {19},
    url = {https://bpspsychub.onlinelibrary.wiley.com/doi/abs/10.1111/bjhp.12060},
    doi = {https://doi.org/10.1111/bjhp.12060},
    issn = {1359-107X}
}

@article{Zanganeh2022RelationshipChina,
    title = {{Relationship Between Weight Status and Health-Related Quality of Life in School-age Children in China}},
    year = {2022},
    journal = {Journal of Health Economics and Outcomes Research},
    author = {Zanganeh, Mandana and Adab, Peymané and Li, Bai and Pallan, Miranda and Liu, Wei J and Rong, Lin and Liu, Wei and Martin, James and Cheng, Kar K and Frew, Emma},
    number = {1},
    pages = {75},
    volume = {9}
}

@misc{Crump2017ReliabilityReview,
    title = {{Reliability, Validity, and Feasibility of Direct Elicitation of Children's Preferences for Health States: A Systematic Review}},
    year = {2017},
    booktitle = {Medical Decision Making},
    author = {Crump, R. Trafford and Beverung, Lauren M. and Lau, Ryan and Sieracki, Rita and Nicholson, Mateo},
    number = {3},
    volume = {37},
    doi = {10.1177/0272989X16671925},
    issn = {1552681X}
}

@article{Crump2017ReliabilityReviewb,
    title = {{Reliability, validity, and feasibility of direct elicitation of children’s preferences for health states: a systematic review}},
    year = {2017},
    journal = {Medical Decision Making},
    author = {Crump, R Trafford and Beverung, Lauren M and Lau, Ryan and Sieracki, Rita and Nicholson, Mateo},
    number = {3},
    pages = {314--326},
    volume = {37},
    issn = {0272-989X}
}

@article{Crump2017ReliabilityReviewc,
    title = {{Reliability, validity, and feasibility of direct elicitation of children’s preferences for health states: a systematic review}},
    year = {2017},
    journal = {Medical Decision Making},
    author = {Crump, R Trafford and Beverung, Lauren M and Lau, Ryan and Sieracki, Rita and Nicholson, Mateo},
    number = {3},
    pages = {314--326},
    volume = {37},
    issn = {0272-989X}
}

@article{Malkin2013ResponsivenessRehabilitation,
    title = {{Responsiveness of the EQ-5D to the effects of low vision rehabilitation}},
    year = {2013},
    journal = {Optometry and vision science},
    author = {Malkin, Alexis G and Goldstein, Judith E and Perlmutter, Monica S and Massof, Robert W and Group, Low Vision Research Network Study},
    number = {8},
    pages = {799--805},
    volume = {90},
    issn = {1538-9235}
}

@misc{Rowen2020ReviewGoing,
    title = {{Review of Valuation Methods of Preference-Based Measures of Health for Economic Evaluation in Child and Adolescent Populations: Where are We Now and Where are We Going?}},
    year = {2020},
    booktitle = {PharmacoEconomics},
    author = {Rowen, Donna and Rivero-Arias, Oliver and Devlin, Nancy and Ratcliffe, Julie},
    number = {4},
    volume = {38},
    doi = {10.1007/s40273-019-00873-7},
    issn = {11792027}
}

@article{Rowen2020ReviewGoingb,
    title = {{Review of Valuation Methods of Preference-Based Measures of Health for Economic Evaluation in Child and Adolescent Populations: Where are We Now and Where are We Going?}},
    year = {2020},
    journal = {PharmacoEconomics},
    author = {Rowen, Donna and Rivero-Arias, Oliver and Devlin, Nancy and Ratcliffe, Julie},
    number = {4},
    pages = {325--340},
    volume = {38},
    url = {http://ovidsp.ovid.com/ovidweb.cgi?T=JS&PAGE=reference&D=med17&NEWS=N&AN=31903522},
    doi = {https://dx.doi.org/10.1007/s40273-019-00873-7},
    issn = {1179-2027 1170-7690}
}

@article{Gandhi2017SampleStudies,
    title = {{Sample size determination for EQ-5D-5L value set studies}},
    year = {2017},
    journal = {Qual Life Res},
    author = {Gandhi, M and Xu, Y and Luo, N and Cheung, Y B},
    number = {12},
    pages = {3365--3376},
    volume = {26},
    doi = {10.1007/s11136-017-1685-3},
    issn = {0962-9343}
}

@article{deBekker-Grob2015SampleGuide,
    title = {{Sample Size Requirements for Discrete-Choice Experiments in Healthcare: a Practical Guide}},
    year = {2015},
    journal = {Patient},
    author = {de Bekker-Grob, E W and Donkers, B and Jonker, M F and Stolk, E A},
    number = {5},
    pages = {373--384},
    volume = {8},
    doi = {10.1007/s40271-015-0118-z},
    issn = {1178-1653 1178-1653}
}

@article{Levac2010ScopingMethodology,
    title = {{Scoping studies: advancing the methodology}},
    year = {2010},
    journal = {Implementation Science},
    author = {Levac, Danielle and Colquhoun, Heather and O'Brien, Kelly K},
    number = {1},
    pages = {69},
    volume = {5},
    url = {https://doi.org/10.1186/1748-5908-5-69},
    doi = {10.1186/1748-5908-5-69},
    issn = {1748-5908}
}

@article{Chen2019ScoringTariff,
    title = {{Scoring the Child Health Utility 9D instrument: estimation of a Chinese child and adolescent-specific tariff}},
    year = {2019},
    journal = {Qual Life Res},
    author = {Chen, G and Xu, F and Huynh, E and Wang, Z and Stevens, K and Ratcliffe, J},
    number = {1},
    pages = {163--176},
    volume = {28},
    doi = {10.1007/s11136-018-2032-z},
    issn = {0962-9343}
}

@article{Lipman2021SelfStates,
    title = {{Self vs. other, child vs. adult. An experimental comparison of valuation perspectives for valuation of EQ-5D-Y-3L health states}},
    year = {2021},
    journal = {European Journal of Health Economics},
    author = {Lipman, S. A. and Reckers-Droog, V. T. and Karimi, M. and Jakubczyk, M. and Attema, A. E.},
    number = {9},
    volume = {22},
    doi = {10.1007/s10198-021-01377-y},
    issn = {16187601}
}

@article{Hauber2016StatisticalForce,
    title = {{Statistical Methods for the Analysis of Discrete Choice Experiments: A Report of the ISPOR Conjoint Analysis Good Research Practices Task Force}},
    year = {2016},
    journal = {Value in Health},
    author = {Hauber, A. Brett and Gonz{\'{a}}lez, Juan Marcos and Groothuis-Oudshoorn, Catharina G.M. and Prior, Thomas and Marshall, Deborah A. and Cunningham, Charles and IJzerman, Maarten J. and Bridges, John F.P.},
    number = {4},
    volume = {19},
    doi = {10.1016/j.jval.2016.04.004},
    issn = {15244733}
}

@article{Crump2018TestingMethods,
    title = {{Testing the feasibility of eliciting preferences for health states from adolescents using direct methods}},
    year = {2018},
    journal = {BMC Pediatrics},
    author = {Crump, R. Trafford and Lau, Ryan and Cox, Elizabeth and Currie, Gillian and Panepinto, Julie},
    number = {1},
    volume = {18},
    doi = {10.1186/s12887-018-1179-7},
    issn = {14712431}
}

@article{Li2019TheTrial,
    title = {{The CHIRPY DRAGON intervention in preventing obesity in Chinese primary-school–aged children: A cluster-randomised controlled trial}},
    year = {2019},
    journal = {PLoS medicine},
    author = {Li, Bai and Pallan, Miranda and Liu, Wei Jia and Hemming, Karla and Frew, Emma and Lin, Rong and Liu, Wei and Martin, James and Zanganeh, Mandana and Hurley, Kiya},
    number = {11},
    pages = {e1002971},
    volume = {16},
    issn = {1549-1277}
}

@article{Stevens2005TheDermatitis,
    title = {{The development of a preference-based measure of health in children with atopic dermatitis}},
    year = {2005},
    journal = {Br J Dermatol},
    author = {Stevens, K J and Brazier, J E and McKenna, S P and Doward, L C and Cork, M J},
    number = {2},
    pages = {372--377},
    volume = {153},
    doi = {10.1111/j.1365-2133.2005.06736.x},
    issn = {0007-0963 0007-0963}
}

@article{Furlong2001TheStudies,
    title = {{The Health Utilities Index (HUI{\textregistered}) system for assessing health-related quality of life in clinical studies}},
    year = {2001},
    journal = {Annals of medicine},
    author = {Furlong, William J and Feeny, David H and Torrance, George W and Barr, Ronald D},
    number = {5},
    pages = {375--384},
    volume = {33},
    issn = {0785-3890}
}

@techreport{RobinsonTheStudy,
    title = {{The impact of excluding respondents who fail a dominance test in a discrete choice experiment: evidence from an unusual case study}},
    author = {Robinson, Tomos and Hill, Sarah and Oluboyede, Yemi}
}

@techreport{Wailoo2010TheEQ-5D,
    title = {{The incorporation of health benefits in cost utility analysis using the EQ-5D}},
    year = {2010},
    author = {Wailoo, Allan and Davis, Sarah and Tosh, Jonathan},
    url = {https://www.sheffield.ac.uk/nice-dsu/methods-development/eq-5d},
    institution = {NICE Decision Support Unit}
}

@incollection{BanaECosta1999TheApplication,
    title = {{The MACBETH Approach: Basic Ideas, Software, and an Application}},
    year = {1999},
    author = {Bana E Costa, Carlos A. and Vansnick, Jean-Claude},
    doi = {10.1007/978-94-017-0647-6{\_}9}
}

@article{Petrou2015TheElaboration,
    title = {{The MAPS Reporting Statement for Studies Mapping onto Generic Preference-Based Outcome Measures: Explanation and Elaboration}},
    year = {2015},
    journal = {Pharmacoeconomics},
    author = {Petrou, S and Rivero-Arias, O and Dakin, H and Longworth, L and Oppe, M and Froud, R and Gray, A},
    number = {10},
    pages = {993--1011},
    volume = {33},
    doi = {10.1007/s40273-015-0312-9},
    issn = {1170-7690}
}

@article{Booth2012TheReviews,
    title = {{The nuts and bolts of PROSPERO: an international prospective register of systematic reviews}},
    year = {2012},
    journal = {Systematic Reviews},
    author = {Booth, Alison and Clarke, Mike and Dooley, Gordon and Ghersi, Davina and Moher, David and Petticrew, Mark and Stewart, Lesley},
    number = {1},
    pages = {2},
    volume = {1},
    url = {https://doi.org/10.1186/2046-4053-1-2},
    doi = {10.1186/2046-4053-1-2},
    issn = {2046-4053}
}

@article{Schneider2022TheStates,
    title = {{The Online Elicitation of Personal Utility Functions (OPUF) tool: a new method for valuing health states}},
    year = {2022},
    journal = {Wellcome Open Res},
    author = {Schneider, P P and van Hout, B and Heisen, M and Brazier, J and Devlin, N},
    pages = {14},
    volume = {7},
    doi = {10.12688/wellcomeopenres.17518.1},
    issn = {2398-502X 2398-502x}
}

@article{Varni1999TheInventory,
    title = {{The PedsQL™: measurement model for the pediatric quality of life inventory}},
    year = {1999},
    journal = {Medical care},
    author = {Varni, James W and Seid, Michael and Rode, Cheryl A},
    pages = {126--139},
    issn = {0025-7079}
}

@article{Page2021TheReviews,
    title = {{The PRISMA 2020 statement: an updated guideline for reporting systematic reviews}},
    year = {2021},
    journal = {BMJ},
    author = {Page, Matthew J and McKenzie, Joanne E and Bossuyt, Patrick M and Boutron, Isabelle and Hoffmann, Tammy C and Mulrow, Cynthia D and Shamseer, Larissa and Tetzlaff, Jennifer M and Akl, Elie A and Brennan, Sue E and Chou, Roger and Glanville, Julie and Grimshaw, Jeremy M and Hr{\'{o}}bjartsson, Asbjørn and Lalu, Manoj M and Li, Tianjing and Loder, Elizabeth W and Mayo-Wilson, Evan and McDonald, Steve and McGuinness, Luke A and Stewart, Lesley A and Thomas, James and Tricco, Andrea C and Welch, Vivian A and Whiting, Penny and Moher, David},
    volume = {372},
    publisher = {BMJ Publishing Group Ltd},
    url = {https://www.bmj.com/content/372/bmj.n71},
    doi = {10.1136/bmj.n71}
}

@article{Bailey2024TheLife,
    title = {{The RETRIEVE Checklist for Studies Reporting the Elicitation of Stated Preferences for Child Health-Related Quality of Life}},
    year = {2024},
    journal = {PharmacoEconomics},
    author = {Bailey, Cate and Howell, Martin and Raghunandan, Rakhee and Dalziel, Kim and Howard, Kirsten and Mulhern, Brendan and Petrou, Stavros and Rowen, Donna and Salisbury, Amber and Viney, Rosalie and Lancsar, Emily and Devlin, Nancy},
    url = {https://doi.org/10.1007/s40273-023-01333-z},
    doi = {10.1007/s40273-023-01333-z},
    issn = {1179-2027}
}

@article{Oluboyede2019TheApproach,
    title = {{The weight-specific adolescent instrument for economic evaluation (WAItE): psychometric evaluation using a Rasch model approach}},
    year = {2019},
    journal = {Quality of Life Research},
    author = {Oluboyede, Yemi and Smith, Adam B. and Hill, Andrew and Hulme, Claire},
    number = {4},
    volume = {28},
    doi = {10.1007/s11136-018-2074-2},
    issn = {15732649}
}

@book{Vygotsky2006ThoughtLanguage.,
    title = {{Thought and language.}},
    year = {2006},
    booktitle = {Thought and language.},
    author = {Vygotsky, Lev},
    doi = {10.1037/11193-000}
}

@article{Powell2023UnderstandingStudy,
    title = {{Understanding UK public views on normative decisions made to value health-related quality of life in children: A qualitative study}},
    year = {2023},
    journal = {Soc Sci Med},
    author = {Powell, P A and Rowen, D and Keetharuth, A and Mukuria, C},
    pages = {116506},
    volume = {340},
    doi = {10.1016/j.socscimed.2023.116506},
    issn = {0277-9536}
}

@article{Longworth2014UseSurvey,
    title = {{Use of generic and condition-specific measures of health-related quality of life in NICE decision-making: a systematic review, statistical modelling and survey}},
    year = {2014},
    journal = {Health Technol Assess},
    author = {Longworth, L and Yang, Y and Young, T and Mulhern, B and Hern{\'{a}}ndez Alava, M and Mukuria, C and Rowen, D and Tosh, J and Tsuchiya, A and Evans, P and Devianee Keetharuth, A and Brazier, J},
    number = {9},
    volume = {18},
    url = {http://journalslibrary.nihr.ac.uk/hta/hta18090},
    doi = {10.3310/hta18090}
}

@article{RyanUsingCare,
    title = {{Using DCEs to Value Health and Health Care}},
    author = {Ryan, Mandy and Gerard, Karen and Amaya-Amaya, Mabel}
}

@article{Braun2006UsingPsychology,
    title = {{Using thematic analysis in psychology}},
    year = {2006},
    journal = {Qualitative research in psychology},
    author = {Braun, Virginia and Clarke, Victoria},
    number = {2},
    pages = {77--101},
    volume = {3},
    issn = {1478-0887}
}

@article{Retzler2018UtilityStates,
    title = {{Utility elicitation in adults and children for allergic rhinoconjunctivitis and associated health states}},
    year = {2018},
    journal = {Qual Life Res},
    author = {Retzler, J and Grand, T S and Domdey, A and Smith, A and Romano Rodriguez, M},
    number = {9},
    pages = {2383--2391},
    volume = {27},
    doi = {10.1007/s11136-018-1910-8},
    issn = {0962-9343 0962-9343}
}

@article{Keating2011Utility-basedAdolescents,
    title = {{Utility-based quality of life of overweight and obese adolescents}},
    year = {2011},
    journal = {Value in Health},
    author = {Keating, Catherine L and Moodie, Marjory L and Richardson, Jeff and Swinburn, Boyd A},
    number = {5},
    pages = {752--758},
    volume = {14},
    issn = {1098-3015}
}

@article{Stevens2012ValuationIndex,
    title = {{Valuation of the Child Health Utility 9D Index}},
    year = {2012},
    journal = {Pharmacoeconomics},
    author = {Stevens, K},
    number = {8},
    pages = {729--747},
    volume = {30},
    doi = {10.2165/11599120-000000000-00000},
    issn = {1170-7690}
}

@article{Powell2021ValuingPublic,
    title = {{Valuing child and adolescent health: a qualitative study on different perspectives and priorities taken by the adult general public}},
    year = {2021},
    journal = {Health Qual Life Outcomes},
    author = {Powell, P A and Rowen, D and Rivero-Arias, O and Tsuchiya, A and Brazier, J E},
    number = {1},
    pages = {222},
    volume = {19},
    doi = {10.1186/s12955-021-01858-x},
    issn = {1477-7525}
}

@article{Ratcliffe2015ValuingStudy,
    title = {{Valuing child health utility 9D health states with young adults: insights from a time trade off study}},
    year = {2015},
    journal = {Applied health economics and health policy},
    author = {Ratcliffe, Julie and Chen, Gang and Stevens, Katherine and Bradley, Sandra and Couzner, Leah and Brazier, John and Sawyer, Michael and Roberts, Rachel and Huynh, Elisabeth and Flynn, Terry},
    number = {5},
    pages = {485--492},
    volume = {13},
    issn = {1179-1896}
}

@article{Mott2021ValuingDiffer,
    title = {{Valuing EQ-5D-Y-3L health states using a discrete choice experiment: do adult and adolescent preferences differ?}},
    year = {2021},
    journal = {Medical Decision Making},
    author = {Mott, David J and Shah, Koonal K and Ramos-Go{\~{n}}i, Juan Manuel and Devlin, Nancy J and Rivero-Arias, Oliver},
    number = {5},
    pages = {584--596},
    volume = {41},
    issn = {0272-989X}
}

@article{Oliveira2018ValuingStates,
    title = {{Valuing health states: Is the MACBETH approach useful for valuing EQ-5D-3L health states?}},
    year = {2018},
    journal = {Health and Quality of Life Outcomes},
    author = {Oliveira, Mónica Duarte and Agostinho, Andreia and Ferreira, Lara and Nicola, Paulo and Bana E Costa, Carlos},
    number = {1},
    volume = {16},
    doi = {10.1186/s12955-018-1056-y},
    issn = {14777525}
}

@article{Ratcliffe2016ValuingAlgorithm,
    title = {{Valuing the child health utility 9D: using profile case best worst scaling methods to develop a new adolescent specific scoring algorithm}},
    year = {2016},
    journal = {Social Science {\&} Medicine},
    author = {Ratcliffe, Julie and Huynh, Elisabeth and Chen, Gang and Stevens, Katherine and Swait, Joffre and Brazier, John and Sawyer, Michael and Roberts, Rachel and Flynn, Terry},
    pages = {48--59},
    volume = {157},
    issn = {0277-9536}
}

@misc{Poobalan2010WeightReview,
    title = {{Weight loss interventions in young people (18 to 25 year olds): A systematic review}},
    year = {2010},
    booktitle = {Obesity Reviews},
    author = {Poobalan, A. S. and Aucott, L. S. and Precious, E. and Crombie, I. K. and Smith, W. C.S.},
    number = {8},
    volume = {11},
    doi = {10.1111/j.1467-789X.2009.00673.x},
    issn = {14677881}
}

@article{Killedar2020WeightPosition,
    title = {{Weight status and health-related quality of life during childhood and adolescence: effects of age and socioeconomic position}},
    year = {2020},
    journal = {International Journal of Obesity},
    author = {Killedar, Anagha and Lung, Thomas and Petrou, Stavros and Teixeira-Pinto, Armando and Tan, Eng Joo and Hayes, Alison},
    number = {3},
    pages = {637--645},
    volume = {44},
    issn = {1476-5497}
}

@misc{King2022WhatMeasures,
    title = {{What condition-specific preference-based measures have been used measure QoL in YP and which preference elicitation methods have been used to value these measures?}},
    year = {2022},
    author = {King, William and Oluboyede, Oyeyemi and Ternent, Laura and Bate, Angela},
    url = {https://www.crd.york.ac.uk/prospero/display_record.php?ID=CRD42022363718},
    doi = {CRD42022363718}
}

@unpublished{Robinson2024AUKValue,
  author={Robinson, Tomos and Oluboyede, Yemi},
  title        = {A UK value set for the WAItE},
  note         = {Manuscript under review at Value in Health},
  year         = {2024},
}
